<?xml version="1.0" encoding="UTF-8" ?><marc:collection xmlns:marc="http://www.loc.gov/MARC21/slim" xmlns:xsi="http://www.w3.org/2001/XMLSchema-instance" xsi:schemaLocation="http://www.loc.gov/MARC21/slim http://www.loc.gov/standards/marcxml/schema/MARC21slim.xsd">
<marc:record><marc:leader>02748cam a2200433Mi 4500</marc:leader>
<marc:controlfield tag="001">b12661119</marc:controlfield>
<marc:controlfield tag="003">UaCaAUL</marc:controlfield><marc:controlfield tag="005">20191013031827.0</marc:controlfield><marc:controlfield tag="008">020315s1869    ua            000 p ara d</marc:controlfield><marc:datafield tag="035" ind1=" " ind2=" "><marc:subfield code="a">(OCoLC)54868361</marc:subfield></marc:datafield><marc:datafield tag="040" ind1=" " ind2=" "><marc:subfield code="a">ERL</marc:subfield><marc:subfield code="b">eng</marc:subfield><marc:subfield code="e">rda</marc:subfield><marc:subfield code="c">ERL</marc:subfield><marc:subfield code="d">OCLCQ</marc:subfield><marc:subfield code="d">MEAUC</marc:subfield></marc:datafield><marc:datafield tag="049" ind1=" " ind2=" "><marc:subfield code="a">MAIN</marc:subfield></marc:datafield><marc:datafield tag="050" ind1=" " ind2="4"><marc:subfield code="a">PJ7755.I22</marc:subfield><marc:subfield code="b">A17 1869</marc:subfield></marc:datafield><marc:datafield tag="066" ind1=" " ind2=" "><marc:subfield code="c">(3</marc:subfield></marc:datafield><marc:datafield tag="090" ind1=" " ind2=" "><marc:subfield code="a">PJ7755.I22</marc:subfield><marc:subfield code="b">A17 1869</marc:subfield></marc:datafield><marc:datafield tag="100" ind1="1" ind2=" "><marc:subfield code="6">880-01</marc:subfield><marc:subfield code="a">Ibn Khafājah, Ibrāhīm ibn Abī al-Fatḥ,</marc:subfield><marc:subfield code="d">1058 or 1059-1139.</marc:subfield></marc:datafield><marc:datafield tag="240" ind1="1" ind2="0"><marc:subfield code="6">880-02</marc:subfield><marc:subfield code="a">Dīwān Ibn Khafājah.</marc:subfield></marc:datafield><marc:datafield tag="245" ind1="1" ind2="0"><marc:subfield code="6">880-03</marc:subfield><marc:subfield code="a">Hādhā dīwān nādirat ʻaṣrihi al-adīb al-bāriʻ al-mashhūr Abī Isḥāq Ibrāhīm Ibn Khafājah al-Andalusī, raḥimahu Allāh taʻālá, āmīn.</marc:subfield></marc:datafield><marc:datafield tag="246" ind1="3" ind2="0"><marc:subfield code="6">880-04</marc:subfield><marc:subfield code="a">Dīwān Ibn Khafājah.</marc:subfield></marc:datafield><marc:datafield tag="264" ind1=" " ind2="1"><marc:subfield code="6">880-05</marc:subfield><marc:subfield code="a">Maḥrūsat Miṣr :</marc:subfield><marc:subfield code="b">bi-al-Maṭbaʻah al-Khāṣṣah bi-Jamʻīyat al-Maʻārif bi-Maḥrūsat Miṣr,</marc:subfield><marc:subfield code="c">1286 [1869]</marc:subfield></marc:datafield><marc:datafield tag="300" ind1=" " ind2=" "><marc:subfield code="a">135 pages ;</marc:subfield><marc:subfield code="c">24 cm.</marc:subfield></marc:datafield><marc:datafield tag="336" ind1=" " ind2=" "><marc:subfield code="a">text</marc:subfield><marc:subfield code="b">txt</marc:subfield><marc:subfield code="2">rdacontent.</marc:subfield></marc:datafield><marc:datafield tag="337" ind1=" " ind2=" "><marc:subfield code="a">unmediated</marc:subfield><marc:subfield code="b">n</marc:subfield><marc:subfield code="2">rdamedia.</marc:subfield></marc:datafield><marc:datafield tag="338" ind1=" " ind2=" "><marc:subfield code="a">volume</marc:subfield><marc:subfield code="b">nc</marc:subfield><marc:subfield code="2">rdacarrier.</marc:subfield></marc:datafield><marc:datafield tag="500" ind1=" " ind2=" "><marc:subfield code="6">880-06</marc:subfield><marc:subfield code="a">Qad dhakara hādhā al-dīwān mathalan kātib Jalbī fī kashf al-ẓunūn wa-mayyazahu ʻan kull dīwān bi-qawlihi (Dīwān Ibn Khafājah) Abī Isḥāq Ibrāhīm Ibn Abī al-Fatḥ al-Andalusī, al-mutawaffá sanat 533 aḥsana fī-hi kull al-iḥsān.</marc:subfield></marc:datafield><marc:datafield tag="500" ind1=" " ind2=" "><marc:subfield code="a">Decorated title page.</marc:subfield></marc:datafield><marc:datafield tag="600" ind1="1" ind2="0"><marc:subfield code="6">880-07</marc:subfield><marc:subfield code="a">Ibn Khafājah, Ibrāhīm ibn Abī al-Fatḥ,</marc:subfield><marc:subfield code="d">1058 or 1059-1139</marc:subfield><marc:subfield code="x">Criticism and interpretation.</marc:subfield></marc:datafield><marc:datafield tag="650" ind1=" " ind2="0"><marc:subfield code="a">Arabic poetry.</marc:subfield></marc:datafield><marc:datafield tag="880" ind1="1" ind2=" "><marc:subfield code="6">100-01/(3/r</marc:subfield><marc:subfield code="a">ابن خفاجة، ابراهيم بن أبي الفتح،‪</marc:subfield><marc:subfield code="d">1058 أو 1059-1139.</marc:subfield></marc:datafield><marc:datafield tag="880" ind1="1" ind2="0"><marc:subfield code="6">240-02/(3/r</marc:subfield><marc:subfield code="a">ديوان ابن خفاجة.</marc:subfield></marc:datafield><marc:datafield tag="880" ind1="1" ind2="0"><marc:subfield code="6">245-03/(3/r</marc:subfield><marc:subfield code="a">هذا ديوان نادرة عصره الأديب البارع المشهور أبي اسحاق ابراهيم ابن خفاجة الأندلسي، رحمه الله تعالى، آمين..</marc:subfield></marc:datafield><marc:datafield tag="880" ind1="3" ind2="0"><marc:subfield code="6">246-04/(3/r</marc:subfield><marc:subfield code="a">ديوان ابن خفاجة.</marc:subfield></marc:datafield><marc:datafield tag="880" ind1=" " ind2="1"><marc:subfield code="6">264-05/(3/r</marc:subfield><marc:subfield code="a">محروسة مصر :‪</marc:subfield><marc:subfield code="b">بالمطبعة الخاصة بجمعية المعارف بمحروسة مصر،‪</marc:subfield><marc:subfield code="c">1286 [1869]</marc:subfield></marc:datafield><marc:datafield tag="880" ind1=" " ind2=" "><marc:subfield code="6">500-06/(3/r</marc:subfield><marc:subfield code="a">قد ذكر هذه الديوان مثلا كاتب جلبي في كشف الظنون وميزه عن كل ديوان بقول (ديوان ابن خفاجه) أبي اسحاق ابراهيم ابن أبي الفتح الأندلسي، المتوفى سنة 533 احسن فيه كل الاحسان..</marc:subfield></marc:datafield><marc:datafield tag="880" ind1="1" ind2="4"><marc:subfield code="6">600-07/(3/r</marc:subfield><marc:subfield code="a">ابن خفاجة، ابراهيم بن أبي الفتح،‪</marc:subfield><marc:subfield code="d">1058 أو 1059-1139‪</marc:subfield><marc:subfield code="x">نقد وتحليل..</marc:subfield></marc:datafield><marc:datafield tag="907" ind1=" " ind2=" "><marc:subfield code="a">.b12661119</marc:subfield><marc:subfield code="b">main </marc:subfield></marc:datafield><marc:datafield tag="902" ind1=" " ind2=" "><marc:subfield code="a">191219</marc:subfield></marc:datafield><marc:datafield tag="998" ind1=" " ind2=" "><marc:subfield code="b">1</marc:subfield><marc:subfield code="c">010528</marc:subfield><marc:subfield code="d">m</marc:subfield><marc:subfield code="e">~</marc:subfield><marc:subfield code="f">-</marc:subfield><marc:subfield code="g">0</marc:subfield><marc:subfield code="k">TA</marc:subfield></marc:datafield><marc:datafield tag="945" ind1=" " ind2=" "><marc:subfield code="l">main </marc:subfield></marc:datafield></marc:record>
</marc:collection>
